<record><leader>00000cas a2200000 a 4500</leader><controlfield tag="001">28554252</controlfield><controlfield tag="008">930802d19421956caudr ne      0    0eng c</controlfield><datafield ind1=" " ind2=" " tag="010"><subfield code="a">sn 93051537 </subfield></datafield><datafield ind1=" " ind2=" " tag="040"><subfield code="a">CUY</subfield><subfield code="b">eng</subfield><subfield code="c">CNK</subfield><subfield code="d">OCLCQ</subfield><subfield code="d">CNK</subfield><subfield code="d">OCLCQ</subfield><subfield code="d">OCLCF</subfield><subfield code="d">OCLCO</subfield></datafield><datafield ind1="1" ind2=" " tag="029"><subfield code="a">AU@</subfield><subfield code="b">000025894590</subfield></datafield><datafield ind1=" " ind2=" " tag="042"><subfield code="a">pcc</subfield></datafield><datafield ind1=" " ind2=" " tag="043"><subfield code="a">n-us-ca</subfield></datafield><datafield ind1="0" ind2="0" tag="245"><subfield code="a">Santa Cruz sentinel-news.</subfield></datafield><datafield ind1=" " ind2=" " tag="260"><subfield code="a">Santa Cruz, Calif. :</subfield><subfield code="b">Sentinel Pub. Co.</subfield></datafield><datafield ind1=" " ind2=" " tag="300"><subfield code="a">v.</subfield></datafield><datafield ind1=" " ind2=" " tag="310"><subfield code="a">Daily</subfield></datafield><datafield ind1="0" ind2=" " tag="362"><subfield code="a">87th year, no. 1 (Jan. 1, 1942)-100th year, no. 142 (June 15, 1956).</subfield></datafield><datafield ind1=" " ind2=" " tag="500"><subfield code="a">Published in Morning ed. (Tues.-Sun.)--and Evening ed. (Mon.-Fri.).</subfield></datafield><datafield ind1=" " ind2=" " tag="515"><subfield code="a">Numbering is irregular.</subfield></datafield><datafield ind1=" " ind2=" " tag="530"><subfield code="a">Master negatives are available for duplication from:</subfield><subfield code="b">California Newspaper Microfilm Archive;</subfield><subfield code="c">positive copies may be purchased by the reel; for further information consult the CNMA at:</subfield><subfield code="u">http://cbsr.ucr.edu</subfield></datafield><datafield ind1=" " ind2="0" tag="651"><subfield code="a">Santa Cruz (Calif.)</subfield><subfield code="v">Newspapers.</subfield></datafield><datafield ind1=" " ind2="7" tag="655"><subfield code="a">Newspapers.</subfield><subfield code="2">fast</subfield><subfield code="0">(OCoLC)fst01423814</subfield></datafield><datafield ind1=" " ind2="7" tag="651"><subfield code="a">California</subfield><subfield code="z">Santa Cruz.</subfield><subfield code="2">fast</subfield><subfield code="0">(OCoLC)fst01205880</subfield></datafield><datafield ind1=" " ind2=" " tag="752"><subfield code="a">United States</subfield><subfield code="b">California</subfield><subfield code="c">Santa Cruz</subfield><subfield code="d">Santa Cruz.</subfield></datafield><datafield ind1="0" ind2="4" tag="780"><subfield code="t">Santa Cruz evening news</subfield><subfield code="w">(DLC)sn 98061919</subfield></datafield><datafield ind1="0" ind2="4" tag="780"><subfield code="t">Santa Cruz sentinel (Santa Cruz, Calif. : 1932)</subfield><subfield code="w">(DLC)sn 95062601</subfield></datafield><datafield ind1="0" ind2="0" tag="785"><subfield code="t">Santa Cruz sentinel (Santa Cruz, Calif. : 1956)</subfield><subfield code="w">(DLC)sn 93051538</subfield></datafield></record>